<?xml version="1.0" encoding="UTF-8"?><record xmlns="http://www.loc.gov/MARC21/slim" xmlns:cinclude="http://apache.org/cocoon/include/1.0" xmlns:zs="http://www.loc.gov/zing/srw/">
  <leader>00385nz  a2200121n  4500</leader>
  <controlfield tag="001">n  87818579 </controlfield>
  <controlfield tag="003">DLC</controlfield>
  <controlfield tag="005">19870325110618.6</controlfield>
  <controlfield tag="008">870325n| acannaab|          |n aad |||  </controlfield>
  <datafield tag="010" ind1=" " ind2=" ">
    <subfield code="a">n  87818579 </subfield>
  </datafield>
  <datafield tag="040" ind1=" " ind2=" ">
    <subfield code="a">DLC</subfield>
    <subfield code="c">DLC</subfield>
  </datafield>
  <datafield tag="100" ind1="1" ind2="0">
    <subfield code="a">Wachsmuth, Dietrich,</subfield>
    <subfield code="d">1925-</subfield>
  </datafield>
  <datafield tag="670" ind1=" " ind2=" ">
    <subfield code="a">nuc87-25784: His Pompimos ho daimoĚn, 1983?</subfield>
    <subfield code="b">(hdg. on NjP rept.: Wachsmuth, Dietrich, 1925- ; usage: Dietrich Wachsmuth)</subfield>
  </datafield>
</record>